@article{1573105975391305344,
author="BISHOP C. M.",
title="パターン認識と機械学習下",
journal="ベイズ理論による統計的予測",
publisher="シュプリンガー ジャパン",
year="2008",
URL="https://cir.nii.ac.jp/crid/1573105975391305344"
}

@book{1130282272168461824,
author="持橋, 大地 and 大羽, 成征 and 講談社サイエンティフィク",
title="ガウス過程と機械学習 = Gaussian process and machine learning",
publisher="講談社",
year="2019",
series="MLP機械学習プロフェッショナルシリーズ",
URL="https://cir.nii.ac.jp/crid/1130282272168461824"
}